@book{Netter2015,
	author = {Netter, F. H.},
	title = {{Netter Atlas De Anatomia Humana}},
	year = {2015},
	isbn = {978-853528268-9},
	publisher = {Elsevier Editora Ltda.},
	url = {https://books.google.com.br/books/about/Netter_Atlas_De_Anatomia_Humana.html?id=PAIwBwAAQBAJ&printsec=frontcover&source=kp_read_button&redir_esc=y#v=onepage&q&f=false}
}

@article{Rosa2012Jun,
	author = {Rosa, Germano Mendes and Luz, Jos{\ifmmode\acute{e}\else\'{e}\fi} Aur{\ifmmode\acute{e}\else\'{e}\fi}lio Medeiros da},
	title = {{Mix grinding simulation by artificial neural network}},
	journal = {Rem: Revista Escola de Minas},
	volume = {65},
	number = {2},
	pages = {247--256},
	year = {2012},
	month = {Jun},
	issn = {0370-4467},
	publisher = {Escola de Minas},
	doi = {10.1590/S0370-44672012000200014}
}

@misc{BibEntry2018Jun,
	title = {{But what {$\ast$}is{$\ast$} a Neural Network? {$\vert$} Chapter 1, deep learning - YouTube}},
	year = {2018},
	month = {Jun},
	note = {[Online; accessed 16. Jun. 2018]},
	url = {https://www.youtube.com/watch?v=aircAruvnKk}
}

@misc{BibEntry2018Jun2,
	title = {{Figure 3. The structure of a multilayer perceptron neural network.}},
	journal = {ResearchGate},
	year = {2018},
	month = {Jun},
	note = {[Online; accessed 18. Jun. 2018]},
	url = {https://www.researchgate.net/figure/The-structure-of-a-multilayer-perceptron-neural-network_fig3_241347660}
}

@misc{BibEntry2018May,
	title = {{How neural networks are trained}},
	year = {2018},
	month = {May},
	note = {[Online; accessed 18. Jun. 2018]},
	url = {https://ml4a.github.io/ml4a/how_neural_networks_are_trained}
}

@misc{BibEntry2018,
	title = {{10.14: Neural Networks: Backpropagation Part 1 - The Nature of Code}},
	author = {Shiffman},
	year = {2018},
	month = {Jun},
	note = {[Online; accessed 19. Jun. 2018]},
	url = {https://www.youtube.com/watch?v=QJoa0JYaX1I}
}

@book{Yadav2015,
	author = {Yadav, N. and Yadav, A. and Kumar, M.},
	title = {{An Introduction to Neural Network Methods for Differential Equations}},
	year = {2015},
	isbn = {978-940179816-7},
	publisher = {Springer Netherlands},
	url = {https://books.google.com.br/books?id=9aDdBgAAQBAJ&pg=PA14&lpg=PA14&dq=Snark+neuro+computer&source=bl&ots=NkINMbFIs1&sig=r2TD-scsrecO1NZXaMpPRe8_EW8&hl=en&sa=X&ved=0ahUKEwiOs5mfkeHbAhXHg5AKHXe7BAIQ6AEITTAD#v=onepage&q=Snark%20neuro%20computer&f=false}
}